
@article{scott-hayward2015,
	title = {Modelling Killer Whale Feeding Behaviour Using a Spatially Adaptive Complex Region Spatial Smoother (CReSS) and Generalised Estimating Equations (GEEs)},
	author = {Scott-Hayward, L. A. S. and Mackenzie, Monique L. and Ashe, Erin and Williams, Rob},
	year = {2015},
	month = {06},
	date = {2015-06-09},
	journal = {Journal of Agricultural, Biological, and Environmental Statistics},
	pages = {305--322},
	volume = {20},
	number = {3},
	doi = {10.1007/s13253-015-0209-2},
	url = {http://dx.doi.org/10.1007/s13253-015-0209-2},
	langid = {en}
}

@article{scott-hayward2022,
	title = {Automated surface feature selection using SALSA2D: An illustration using Elephant Mortality data in Etosha National Park},
	author = {Scott-Hayward, L. A. S. and Mackenzie, M. L. and Walker, C. G. and Shatumbu, G. and Kilian, W. and Preez, P. du},
	year = {2022},
	date = {2022},
	doi = {10.48550/ARXIV.2202.07977},
	url = {https://arxiv.org/abs/2202.07977}
}

@article{pebesma2004,
	title = {Multivariable geostatistics in S: the gstat package},
	author = {Pebesma, Edzer J},
	year = {2004},
	month = {08},
	date = {2004-08},
	journal = {Computers & Geosciences},
	pages = {683--691},
	volume = {30},
	number = {7},
	doi = {10.1016/j.cageo.2004.03.012},
	url = {http://dx.doi.org/10.1016/j.cageo.2004.03.012},
	langid = {en}
}

@article{wald1943,
	title = {An Exact Test for Randomness in the Non-Parametric Case Based on Serial Correlation},
	author = {Wald, A. and Wolfowitz, J.},
	year = {1943},
	month = {12},
	date = {1943-12},
	journal = {The Annals of Mathematical Statistics},
	pages = {378--388},
	volume = {14},
	number = {4},
	doi = {10.1214/aoms/1177731358},
	url = {http://dx.doi.org/10.1214/aoms/1177731358},
	langid = {en}
}

@article{lin2002,
	title = {Model-Checking Techniques Based on Cumulative Residuals},
	author = {Lin, D. Y. and Wei, L. J. and Ying, Z.},
	year = {2002},
	month = {03},
	date = {2002-03},
	journal = {Biometrics},
	pages = {1--12},
	volume = {58},
	number = {1},
	doi = {10.1111/j.0006-341x.2002.00001.x},
	url = {http://dx.doi.org/10.1111/j.0006-341X.2002.00001.x},
	langid = {en}
}

@article{fox1992,
	title = {Generalized Collinearity Diagnostics},
	author = {Fox, John and Monette, Georges},
	year = {1992},
	month = {03},
	date = {1992-03},
	journal = {Journal of the American Statistical Association},
	pages = {178--183},
	volume = {87},
	number = {417},
	doi = {10.1080/01621459.1992.10475190},
	url = {http://dx.doi.org/10.1080/01621459.1992.10475190},
	langid = {en}
}
